@book{anderson,
 author = {Anderson, Ross J.},
 title = {Security Engineering: A Guide to Building Dependable Distributed Systems},
 year = {2001},
 isbn = {0471389226},
 edition = {1st},
 publisher = {John Wiley \& Sons, Inc.},
 address = {New York, NY, USA},
} 

@misc{JHipsterApplications,
    title = {{JHipster - Generate your Spring Boot + Angular/React applications!}},
    author = {Dubois, J. and Sasidharan, D.},
    url = {https://www.jhipster.tech/},
    note = "Zugriff: 11.09.2018"
}

@misc{CommonSIG,
    title = {{Common Vulnerability Scoring System SIG}},
    author = {FIRST.org, Inc.},
    url = {https://www.first.org/cvss/},
    note = "Zugriff: 11.09.2018"
}

@article{PieringerModellierungDatenbanksystemen.,
    title = {{Modellierung und Verwaltung hierarchisch strukturierter Informationen in relationalen Datenbanksystemen.}},
    journal = {is.informatik.uni-kiel.de},
    author = {Pieringer, R and Markl, V and von, R Bayer - Grundlagen and 2000, undefined},
    url = {http://www.is.informatik.uni-kiel.de/~hjk/wsgdb00/Paper/Pieringer.doc}
}

@article{HanSurveyDatabase,
    title = {{Survey on NoSQL database}},
    journal = {ieeexplore.ieee.org},
    author = {Han, J and Haihong, E and Le, G and and, J Du - Pervasive computing and 2011, undefined},
    url = {https://ieeexplore.ieee.org/abstract/document/6106531/}
}

@book{Massol2004JUnitAction,
    title = {{JUnit in action}},
    year = {2004},
    author = {Massol, Vincent. and Husted, Ted.},
    pages = {360},
    publisher = {Manning},
    url = {https://dl.acm.org/citation.cfm?id=961868},
    isbn = {1930110995}
}

@book{Banker:2011:MA:2207997,
 author = {Banker, Kyle},
 title = {MongoDB in Action},
 year = {2011},
 isbn = {1935182870, 9781935182870},
 publisher = {Manning Publications Co.},
 address = {Greenwich, CT, USA},
} 

@book{Viega2001BuildingWay,
 author = {Viega, John and McGraw, Gary},
 title = {Building Secure Software: How to Avoid Security Problems the Right Way (Paperback) (Addison-Wesley Professional Computing Series)},
 year = {2011},
 isbn = {0321774957, 9780321774958},
 edition = {1st},
 publisher = {Addison-Wesley Professional},
} 
@article{Mell2006CommonSystem,
    title = {{Common Vulnerability Scoring System}},
    year = {2006},
    journal = {IEEE Security and Privacy Magazine},
    author = {Mell, Peter and Scarfone, Karen and Romanosky, Sasha},
    number = {6},
    month = {11},
    pages = {85--89},
    volume = {4},
    url = {http://ieeexplore.ieee.org/document/4042667/},
    doi = {10.1109/MSP.2006.145},
    issn = {1540-7993}
}


@inproceedings{Al-Fedaghi2010System-basedVulnerability,
    title = {{System-based Approach to Software Vulnerability}},
    year = {2010},
    booktitle = {2010 IEEE Second International Conference on Social Computing},
    author = {Al-Fedaghi, Sabah},
    month = {8},
    pages = {1072--1079},
    publisher = {IEEE},
    url = {http://ieeexplore.ieee.org/document/5590497/},
    isbn = {978-1-4244-8439-3},
    doi = {10.1109/SocialCom.2010.159}
}

@article{Belli1998MethodenSoftware,
    title = {{Methoden und Hilfsmittel f{\"{u}}r die systematische Pr{\"{u}}fung komplexer Software}},
    year = {1998},
    journal = {Informatik-Spektrum},
    author = {Belli, Fevzi},
    number = {6},
    month = {12},
    pages = {337--346},
    volume = {21},
    url = {http://link.springer.com/10.1007/s002870050114},
    doi = {10.1007/s002870050114},
    issn = {0170-6012}
}
@article{Rising2000TheTeams,
    title = {{The Scrum software development process for small teams}},
    year = {2000},
    journal = {IEEE Software},
    author = {Rising, L. and Janoff, N.S.},
    number = {4},
    pages = {26--32},
    volume = {17},
    url = {http://ieeexplore.ieee.org/document/854065/},
    doi = {10.1109/52.854065},
    issn = {07407459}
}

@InProceedings{bye:2010:CollSec,
author = {Rainer Bye and Seyit A. Camtepe and Sahin Albayrak},
title = {Collaborative Intrusion Detection Framework: Characteristics, Adversarial Opportunities and Countermeasures},
Booktitle = {CollSec: Usenix Workshop on Collaborative Methods for Security and Privacy},
year = {2010}
}

@techreport{furSicherheitinderInformationstechnikDie2017,
    title = {{Die Lage der IT-Sicherheit in Deutschland 2017}},
    author = {f{\"{u}}r Sicherheit in der Informationstechnik, Bundesamt},
    url = {https://www.bsi.bund.de/SharedDocs/Downloads/DE/BSI/Publikationen/Lageberichte/Lagebericht2017.pdf?__blob=publicationFile&v=4}
}

@article{Mell2006CommonSystemb,
    title = {{Common Vulnerability Scoring System}},
    year = {2006},
    journal = {IEEE Security and Privacy Magazine},
    author = {Mell, Peter and Scarfone, Karen and Romanosky, Sasha},
    number = {6},
    month = {11},
    volume = {4},
    url = {http://ieeexplore.ieee.org/document/4042667/},
    doi = {10.1109/MSP.2006.145},
    issn = {1540-7993}
}

@misc{CWECWSS,
    title = {{CWE - Common Weakness Scoring System (CWSS)}},
    author = {Coley, S.},
    url = {https://cwe.mitre.org/cwss/cwss_v1.0.1.html},
    note = "Zugriff: 18.09.2018"
}

@misc{NationalSecurity,
    title = {{National Cybersecurity and Communications Integration Center}},
    author = {Homeland Security},
    url = {https://goo.gl/qFzZQc},
    note = "Zugriff: 18.09.2018"
}
%NationalSecurity original link https://www.dhs.gov/national-cybersecurity-and-communications-integration-center

@incollection{Zhang2011AnVulnerabilities,
    title = {{An Empirical Study on Using the National Vulnerability Database to Predict Software Vulnerabilities}},
    year = {2011},
    author = {Zhang, Su and Caragea, Doina and Ou, Xinming},
    publisher = {Springer, Berlin, Heidelberg},
    url = {http://link.springer.com/10.1007/978-3-642-23088-2_15},
    doi = {10.1007/978-3-642-23088-2{\_}15}
}

@article{Zhang2015PredictingDatabase,
    title = {{Predicting Cyber Risks through National Vulnerability Database}},
    year = {2015},
    journal = {Information Security Journal: A Global Perspective},
    author = {Zhang, Su and Ou, Xinming and Caragea, Doina},
    number = {4-6},
    month = {12},
    volume = {24},
    publisher = {Taylor {\&} Francis},
    url = {http://www.tandfonline.com/doi/full/10.1080/19393555.2015.1111961},
    doi = {10.1080/19393555.2015.1111961},
    issn = {1939-3555},
    keywords = {risk assessment, zero-day vulnerability}
}

@book{johnson2004expert,
  title={Expert one-on-one J2EE design and development},
  author={Johnson, Rod},
  year={2004},
  publisher={John Wiley \& Sons}
}

@misc{Nagios,
    title = {{Nagios - The Industry Standard In IT Infrastructure Monitoring}},
    author = {Ethan Galstad},
    url = {https://www.nagios.com/casestudies/},
    note = "Zugriff: 25.09.2018",
}

@misc{mongodb, 
    title = {{MongoDB for GIANT Ideas}},
    author = {MongoDB, Inc.}, 
    url = {https://www.mongodb.com/}, 
    note = "Zugriff: 27.09.2018",
}

@misc{nvd, 
    title = {{National Vulnerability Database (NVD)}}, 
    author = {National Institute of Standard and Technology, U.S. Department of Commerce}, 
    url = {https://nvd.nist.gov/}, 
    note = "Zugriff: 27.09.2018",
}

@book{nagenborg2009bedrohung,
  title={Bedrohung der Informationssicherheit: Ein {\"U}berblick {\"u}ber Gefahrenquellen, Angriffspunkte und Sicherungsma{\ss}nahmen},
  author={Nagenborg, Bj{\"o}rn},
  year={2009},
  publisher={diplom. de}
}
