@incollection{Zhang2011AnVulnerabilities,
    title = {{An Empirical Study on Using the National Vulnerability Database to Predict Software Vulnerabilities}},
    year = {2011},
    author = {Zhang, Su and Caragea, Doina and Ou, Xinming},
    pages = {217--231},
    publisher = {Springer, Berlin, Heidelberg},
    url = {http://link.springer.com/10.1007/978-3-642-23088-2_15},
    doi = {10.1007/978-3-642-23088-2{\_}15}
}

@article{Viega2001BuildingWay,
    title = {{Building secure software: how to avoid security problems the right way}},
    year = {2001},
    author = {Viega, J and McGraw, GR},
    url = {https://books.google.de/books?hl=de&lr=&id=VPjsoJBFqBQC&oi=fnd&pg=PT28&dq=software+avoid+vulnerability&ots=rnVYex4r3g&sig=72eCEQn4APk4D7rxu11PqpWhNXM}
}

@article{Mell2006CommonSystem,
    title = {{Common Vulnerability Scoring System}},
    year = {2006},
    journal = {IEEE Security and Privacy Magazine},
    author = {Mell, Peter and Scarfone, Karen and Romanosky, Sasha},
    number = {6},
    month = {11},
    pages = {85--89},
    volume = {4},
    url = {http://ieeexplore.ieee.org/document/4042667/},
    doi = {10.1109/MSP.2006.145},
    issn = {1540-7993}
}

@article{Mell2006CommonSystemb,
    title = {{Common Vulnerability Scoring System}},
    year = {2006},
    journal = {IEEE Security and Privacy Magazine},
    author = {Mell, Peter and Scarfone, Karen and Romanosky, Sasha},
    number = {6},
    month = {11},
    pages = {85--89},
    volume = {4},
    url = {http://ieeexplore.ieee.org/document/4042667/},
    doi = {10.1109/MSP.2006.145},
    issn = {1540-7993}
}

@misc{CommonSIG,
    title = {{Common Vulnerability Scoring System SIG}},
    url = {https://www.first.org/cvss/}
}

@misc{CWECWSS,
    title = {{CWE - Common Weakness Scoring System (CWSS)}},
    url = {https://cwe.mitre.org/cwss/cwss_v1.0.1.html}
}

@techreport{furSicherheitinderInformationstechnikDie2017,
    title = {{Die Lage der IT-Sicherheit in Deutschland 2017}},
    author = {f{\"{u}}r Sicherheit in der Informationstechnik, Bundesamt},
    url = {https://www.bsi.bund.de/SharedDocs/Downloads/DE/BSI/Publikationen/Lageberichte/Lagebericht2017.pdf?__blob=publicationFile&v=4}
}

@article{Lala2001EvaluatingAnalysis,
    title = {{Evaluating damage from cyber attacks: a model and analysis}},
    year = {2001},
    journal = {IEEE Transactions on Systems, Man, and Cybernetics - Part A: Systems and Humans},
    author = {Lala, C. and Panda, B.},
    number = {4},
    month = {7},
    pages = {300--310},
    volume = {31},
    url = {http://ieeexplore.ieee.org/document/935047/},
    doi = {10.1109/3468.935047},
    issn = {10834427}
}

@techreport{MollerFromEvaluation,
    title = {{From Simulation to Emulation-An Integrated Approach for Network Security Evaluation}},
    author = {M{\"{o}}ller, Martin and Bye, Rainer and Bsufka, Karsten and Camtepe, Ahmet and Albayrak, Sahin},
    url = {http://www.quagga.net/}
}

@misc{JHipsterApplications,
    title = {{JHipster - Generate your Spring Boot + Angular/React applications!}},
    url = {https://www.jhipster.tech/}
}

@book{Massol2004JUnitAction,
    title = {{JUnit in action}},
    year = {2004},
    author = {Massol, Vincent. and Husted, Ted.},
    pages = {360},
    publisher = {Manning},
    url = {https://dl.acm.org/citation.cfm?id=961868},
    isbn = {1930110995}
}

@article{Belli1998MethodenSoftware,
    title = {{Methoden und Hilfsmittel f{\"{u}}r die systematische Pr{\"{u}}fung komplexer Software}},
    year = {1998},
    journal = {Informatik-Spektrum},
    author = {Belli, Fevzi},
    number = {6},
    month = {12},
    pages = {337--346},
    volume = {21},
    url = {http://link.springer.com/10.1007/s002870050114},
    doi = {10.1007/s002870050114},
    issn = {0170-6012}
}

@misc{NationalSecurity,
    title = {{National Cybersecurity {\&}amp; Communications Integration Center | Homeland Security}},
    url = {https://www.dhs.gov/national-cybersecurity-and-communications-integration-center}
}

@article{Zhang2015PredictingDatabase,
    title = {{Predicting Cyber Risks through National Vulnerability Database}},
    year = {2015},
    journal = {Information Security Journal: A Global Perspective},
    author = {Zhang, Su and Ou, Xinming and Caragea, Doina},
    number = {4-6},
    month = {12},
    pages = {194--206},
    volume = {24},
    publisher = {Taylor {\&} Francis},
    url = {http://www.tandfonline.com/doi/full/10.1080/19393555.2015.1111961},
    doi = {10.1080/19393555.2015.1111961},
    issn = {1939-3555},
    keywords = {risk assessment, zero-day vulnerability}
}

@article{HanSurveyDatabase,
    title = {{Survey on NoSQL database}},
    journal = {ieeexplore.ieee.org},
    author = {Han, J and Haihong, E and Le, G and and, J Du - Pervasive computing and 2011, undefined},
    url = {https://ieeexplore.ieee.org/abstract/document/6106531/}
}

@inproceedings{Al-Fedaghi2010System-basedVulnerability,
    title = {{System-based Approach to Software Vulnerability}},
    year = {2010},
    booktitle = {2010 IEEE Second International Conference on Social Computing},
    author = {Al-Fedaghi, Sabah},
    month = {8},
    pages = {1072--1079},
    publisher = {IEEE},
    url = {http://ieeexplore.ieee.org/document/5590497/},
    isbn = {978-1-4244-8439-3},
    doi = {10.1109/SocialCom.2010.159}
}

@article{Rising2000TheTeams,
    title = {{The Scrum software development process for small teams}},
    year = {2000},
    journal = {IEEE Software},
    author = {Rising, L. and Janoff, N.S.},
    number = {4},
    pages = {26--32},
    volume = {17},
    url = {http://ieeexplore.ieee.org/document/854065/},
    doi = {10.1109/52.854065},
    issn = {07407459}
}