@article{MellA2.0,
    title = {{A complete guide to the common vulnerability scoring system version 2.0}},
    journal = {ws680.nist.gov},
    author = {Mell, P and Scarfone, K and of, S Romanosky - Published by FIRST-Forum and 2007, undefined},
    url = {https://ws680.nist.gov/publication/get_pdf.cfm?pub_id=51198}
}

@article{Lee2015ASystems,
    title = {{A Cyber-Physical Systems architecture for Industry 4.0-based manufacturing systems}},
    year = {2015},
    journal = {Manufacturing Letters},
    author = {Lee, Jay and Bagheri, Behrad and Kao, Hung-An},
    month = {1},
    volume = {3},
    publisher = {Elsevier},
    url = {https://www.sciencedirect.com/science/article/pii/S221384631400025X},
    doi = {10.1016/J.MFGLET.2014.12.001}
}

@article{Manikopoulos2002NetworkApproach,
    title = {{Network intrusion and fault detection: a statistical anomaly approach}},
    year = {2002},
    journal = {IEEE Communications Magazine},
    author = {Manikopoulos, C. and Papavassiliou, S.},
    number = {10},
    month = {10},
    pages = {76--82},
    volume = {40},
    url = {http://ieeexplore.ieee.org/document/1039860/},
    doi = {10.1109/MCOM.2002.1039860},
    issn = {0163-6804}
}

@inproceedings{Sommer2010OutsideDetection,
    title = {{Outside the Closed World: On Using Machine Learning for Network Intrusion Detection}},
    year = {2010},
    booktitle = {2010 IEEE Symposium on Security and Privacy},
    author = {Sommer, Robin and Paxson, Vern},
    pages = {305--316},
    publisher = {IEEE},
    url = {http://ieeexplore.ieee.org/document/5504793/},
    isbn = {978-1-4244-6894-2},
    doi = {10.1109/SP.2010.25}
}

@article{Igure2006SecurityNetworks,
    title = {{Security issues in SCADA networks}},
    year = {2006},
    journal = {Computers {\&} Security},
    author = {Igure, Vinay M. and Laughter, Sean A. and Williams, Ronald D.},
    number = {7},
    month = {10},
    pages = {498--506},
    volume = {25},
    publisher = {Elsevier Advanced Technology},
    url = {https://www.sciencedirect.com/science/article/pii/S0167404806000514},
    doi = {10.1016/J.COSE.2006.03.001},
    issn = {0167-4048}
}

@article{Lee2014ServiceEnvironment,
    title = {{Service Innovation and Smart Analytics for Industry 4.0 and Big Data Environment}},
    year = {2014},
    journal = {Procedia CIRP},
    author = {Lee, Jay and Kao, Hung-An and Yang, Shanhu},
    month = {1},
    pages = {3--8},
    volume = {16},
    publisher = {Elsevier},
    url = {https://www.sciencedirect.com/science/article/pii/S2212827114000857},
    doi = {10.1016/J.PROCIR.2014.02.001},
    issn = {2212-8271}
}

@misc{SnortSystem,
    title = {{Snort - Network Intrusion Detection {\&}amp; Prevention System}},
    url = {https://www.snort.org/}
}

@misc{SuricataEngine,
    title = {{Suricata | Open Source IDS / IPS / NSM engine}},
    url = {https://suricata-ids.org/}
}

@misc{TheMonitor,
    title = {{The Bro Network Security Monitor}},
    url = {https://www.bro.org/}
}

@article{BrooksTheAdaptation,
    title = {{The determinants of vulnerability and adaptive capacity at the national level and the implications for adaptation}},
    journal = {Elsevier},
    author = {Brooks, N and Adger, WN and change, PM Kelly - Global environmental and 2005, undefined},
    url = {https://www.sciencedirect.com/science/article/pii/S0959378004000913}
}

@article{Cheung2007UsingNetworks,
    title = {{Using model-based intrusion detection for SCADA networks}},
    year = {2007},
    journal = {Citeseer},
    author = {Cheung, Steven and Dutertre, Bruno and Fong, Martin and Lindqvist, Ulf and Skinner, Keith and Valdes, Alfonso},
    volume = {46},
    url = {http://citeseerx.ist.psu.edu/viewdoc/download?doi=10.1.1.141.2076&rep=rep1&type=pdf}
}

@article{Daneels1999WhatSCADA,
    title = {{What is SCADA?}},
    year = {1999},
    author = {Daneels, A and Salter, W},
    url = {http://cds.cern.ch/record/532624/files/mc1i01.pdf}
}